@article{halton1970,
  title={A retrospective and prospective survey of the Monte Carlo method},
  author={Halton, John H},
  journal={Siam review},
  volume={12},
  number={1},
  pages={1--63},
  year={1970},
  publisher={SIAM}
}

@article{raeside1976,
doi = {10.1088/0031-9155/21/2/001},
url = {https://dx.doi.org/10.1088/0031-9155/21/2/001},
year = {1976},
month = {mar},
publisher = {},
volume = {21},
number = {2},
pages = {181},
author = {D E Raeside},
title = {Monte Carlo principles and applications},
journal = {Physics in Medicine & Biology}
}

@article{james1980,
doi = {10.1088/0034-4885/43/9/002},
url = {https://dx.doi.org/10.1088/0034-4885/43/9/002},
year = {1980},
month = {sep},
publisher = {},
volume = {43},
number = {9},
pages = {1145},
author = {F James},
title = {Monte Carlo theory and practice},
journal = {Reports on Progress in Physics},
}

@article{eckhardt1987,
  title={Stan ulam, john von neumann, and the monte carlo method},
  author={Eckhardt, Roger},
  journal={Los Alamos Science},
  volume={15},
  number={131-136},
  pages={30},
  year={1987}
}

@article{ewing1992,
  title={The area of the Mandelbrot set},
  author={Ewing, John H and Schober, Glenn},
  journal={Numerische Mathematik},
  volume={61},
  number={1},
  pages={59--72},
  year={1992},
  publisher={Springer}
}

@article{wei1996,
author = {Wei-Liem Loh},
title = {{On Latin hypercube sampling}},
volume = {24},
journal = {The Annals of Statistics},
number = {5},
publisher = {Institute of Mathematical Statistics},
pages = {2058 -- 2080},
keywords = {Berry-Esseen bound, Confidence regions, Latin hypercube sampling, multivariate central limit theorem, Stein's method, Strong law of large numbers},
year = {1996},
doi = {10.1214/aos/1069362310},
URL = {https://doi.org/10.1214/aos/1069362310}
}

@article{kroese2012,
author = {Kroese, Dirk P. and Rubinstein, Reuven Y.},
title = {Monte Carlo methods},
journal = {WIREs Computational Statistics},
volume = {4},
number = {1},
pages = {48-58},
keywords = {Monte Carlo, simulation, MCMC, estimation, optimization},
doi = {https://doi.org/10.1002/wics.194},
url = {https://wires.onlinelibrary.wiley.com/doi/abs/10.1002/wics.194},
eprint = {https://wires.onlinelibrary.wiley.com/doi/pdf/10.1002/wics.194},
year = {2012}
}

@article{bittner2017,
  title={New approximations for the area of the Mandelbrot set},
  author={Bittner, Daniel and Cheong, Long and Gates, Dante and Nguyen, Hieu},
  journal={Involve, a Journal of Mathematics},
  volume={10},
  number={4},
  pages={555--572},
  year={2017},
  publisher={Mathematical Sciences Publishers}
}
@article{mitchell2001,
  title={A Statistical Investigation of the Area of the Mandelbrot Set},
  author={Kerry Mitchell},
  year={2001},
  publisher={Mathematical Sciences Publishers}
}
@article{Metropolis1970,
  title={The Monte Carlo Method},
  author={Nicholas Metropolis,S. Ulam},
  journal={Journal of the American Statistical Association},
  volume={44},
  number={247},
  pages={335-341},
  year={1949},
  publisher={Taylor & Francis, Ltd.}
}
@article{Chatfield1980,
  title={Introduction to Multivariate Analysis},
  author={Chatfield, C.},
  pages={8},
  year={1980},
  publisher={Taylor & Francis, Ltd.}
}